@book {energi,
	title = "Geometric numerical integration illustrated by the Störmer/Verlet method",
	author = "Hairer, Ernst; Lubich, Christian; Wanner, Gerhard",
	year = "2003",
	publisher = "Acta Numerica",
	url = "https://www-cambridge-org.ezproxy.uio.no/core/journals/acta-numerica/article/geometric-numerical-integration-illustrated-by-the-stormerverlet-method/E55395D5DD7A4E0526D10EA74DA6C46B",
	pages = "399–450"
}
@misc {NASA,
	title={HORIZONS Web-Interface: \href{https://ssd.jpl.nasa.gov/horizons.cgi?s_time=1#top}{https://ssd.jpl.nasa.gov/horizons.cgi?s_time=1#top}},
	year = "26.10.2020"
}
@misc {myRepo,
	title="Github repository with code and results: \href{https://github.com/KarlHenrik/ComputationalPhysicsMaster/tree/master/FYS4150/Project3}{github.com/KarlHenrik/ComputationalPhysicsMaster/tree/master/FYS4150/Project3}",
	year = "26.10.2020"
}
@misc {oppgave,
	title="Oppgavetekst: \href{https://compphysics.github.io/ComputationalPhysics/doc/Projects/2020/Project3/html/Project3.html}{compphysics.github.io/ComputationalPhysics/doc/Projects/2020/Project3/html/Project3.html}",
	year = "26.10.2020"
}

