@misc {myRepo,
title={Github repository link med all kode og resultater med ekstra forklaringer: \href{https://github.com/KarlHenrik/ComputationalPhysicsMaster/tree/master/FYS4150/Project2}{https://github.com/KarlHenrik/ComputationalPhysicsMaster/tree/master/FYS4150/Project2}},
}
@misc {cspRepo,
title={FYS4150 repository: \href{https://github.com/CompPhysics/ComputationalPhysics}{https://github.com/CompPhysics/ComputationalPhysics}},
}
@misc {oppgavetekst,
title={Oppgavetekst: \href{https://compphysics.github.io/ComputationalPhysics/doc/Projects/2020/Project2/html/Project2.html}{https://compphysics.github.io/ComputationalPhysics/doc/Projects/2020/Project2/html/Project2.html}},
}
@misc {eigvalEmne,
	title={Jacobis egenverdialgoritme, FYS4150 Kursmateriell: \href{https://compphysics.github.io/ComputationalPhysics/doc/pub/eigvalues/html/eigvalues.html}{https://compphysics.github.io/ComputationalPhysics/doc/pub/eigvalues/html/eigvalues.html}},
}