@misc {myRepo,
title={Github repository link med all kode og resultater med ekstra forklaringer: \href{https://github.com/KarlHenrik/ComputationalPhysicsMaster/tree/master/FYS4150\%20-\%20Computational\%20Physics/Project\%201}{https://github.com/KarlHenrik/ComputationalPhysicsMaster/tree/master/FYS4150\%20-\%20Computational\%20Physics/Project\%201}},
}
@misc {cspRepo,
title={FYS4150 repository: \href{https://github.com/CompPhysics/ComputationalPhysics}{https://github.com/CompPhysics/ComputationalPhysics}},
}
@misc {libRepo,
title={LU faktorisering kode fra FYS4150 repository: \href{https://github.com/CompPhysics/ComputationalPhysics/tree/master/doc/src/learningcpp}{https://github.com/CompPhysics/ComputationalPhysics/tree/master/doc/src/learningcpp}},
}
@misc {oppgavetekst,
title={Oppgavetekst: \href{https://compphysics.github.io/ComputationalPhysics/doc/Projects/2020/Project1/html/Project1.html}{https://compphysics.github.io/ComputationalPhysics/doc/Projects/2020/Project1/html/Project1.html}},
}
@misc {luwiki,
title={LU faktorisering, Wikipedia: \href{https://en.wikipedia.org/wiki/LU_decomposition}{https://en.wikipedia.org/wiki/LU_decomposition}},
}
